<?xml version="1.0" encoding="UTF-8"?><record xmlns="http://www.loc.gov/MARC21/slim" xmlns:cinclude="http://apache.org/cocoon/include/1.0" xmlns:zs="http://www.loc.gov/zing/srw/">
  <leader>00635cz  a2200169n  4500</leader>
  <controlfield tag="001">n  88121466 </controlfield>
  <controlfield tag="003">DLC</controlfield>
  <controlfield tag="005">20161229073655.0</controlfield>
  <controlfield tag="008">880523n| azannaabn          |n aaa      </controlfield>
  <datafield tag="010" ind1=" " ind2=" ">
    <subfield code="a">n  88121466 </subfield>
  </datafield>
  <datafield tag="035" ind1=" " ind2=" ">
    <subfield code="a">(OCoLC)oca02283633</subfield>
  </datafield>
  <datafield tag="040" ind1=" " ind2=" ">
    <subfield code="a">DLC</subfield>
    <subfield code="b">eng</subfield>
    <subfield code="c">DLC</subfield>
    <subfield code="d">DLC</subfield>
    <subfield code="e">rda</subfield>
    <subfield code="d">InU</subfield>
  </datafield>
  <datafield tag="046" ind1=" " ind2=" ">
    <subfield code="f">19550414</subfield>
  </datafield>
  <datafield tag="100" ind1="1" ind2=" ">
    <subfield code="a">Wilcox, Helen</subfield>
  </datafield>
  <datafield tag="670" ind1=" " ind2=" ">
    <subfield code="a">Teaching women, c1989:</subfield>
    <subfield code="b">CIP t.p. (Helen Wilcox)</subfield>
  </datafield>
  <datafield tag="670" ind1=" " ind2=" ">
    <subfield code="a">Women and literature in Britain, 1500-1700, 1996:</subfield>
    <subfield code="b">CIP t.p. (Helen Wilcox) galley (prof. of English, Univ. of Groningen, The Netherlands)</subfield>
  </datafield>
  <datafield tag="670" ind1=" " ind2=" ">
    <subfield code="a">Betraying our selves, 2000:</subfield>
    <subfield code="b">CIP t.p. (Helen Wilcox) CIP data sheet (b. April 14, 1955)</subfield>
  </datafield>
</record>